<record><leader>00000cas a22000007a 4500</leader><controlfield tag="001">12359973</controlfield><controlfield tag="008">850807d18931904wiuwr ne      0    0eng d</controlfield><datafield ind1=" " ind2=" " tag="010"><subfield code="a">sn 85040903 </subfield></datafield><datafield ind1=" " ind2=" " tag="040"><subfield code="a">NPV</subfield><subfield code="b">eng</subfield><subfield code="c">NPV</subfield><subfield code="d">OCLCQ</subfield><subfield code="d">DLC</subfield></datafield><datafield ind1=" " ind2=" " tag="042"><subfield code="a">msc</subfield></datafield><datafield ind1=" " ind2=" " tag="045"><subfield code="a">w9x0</subfield></datafield><datafield ind1=" " ind2=" " tag="052"><subfield code="a">4123</subfield><subfield code="b">W3</subfield></datafield><datafield ind1="0" ind2="4" tag="245"><subfield code="a">The Spooner register.</subfield></datafield><datafield ind1=" " ind2=" " tag="260"><subfield code="a">Spooner, Wis. :</subfield><subfield code="b">Register Pub.,</subfield><subfield code="c">-1904.</subfield></datafield><datafield ind1=" " ind2=" " tag="300"><subfield code="a">v. :</subfield><subfield code="b">ill.</subfield></datafield><datafield ind1=" " ind2=" " tag="310"><subfield code="a">Weekly</subfield></datafield><datafield ind1="0" ind2=" " tag="362"><subfield code="a">-v. 12, no. 15 (Aug. 6, 1904).</subfield></datafield><datafield ind1="1" ind2=" " tag="362"><subfield code="a">Began in 1893.</subfield></datafield><datafield ind1=" " ind2=" " tag="500"><subfield code="a">Publisher varies.</subfield></datafield><datafield ind1=" " ind2=" " tag="530"><subfield code="a">Available on microfilm from The State Historical Society of Wisconsin.</subfield></datafield><datafield ind1=" " ind2=" " tag="588"><subfield code="a">Description based on: Vol. 1, no. 3 (May 27, 1893).</subfield></datafield><datafield ind1=" " ind2=" " tag="752"><subfield code="a">United States</subfield><subfield code="b">Wisconsin</subfield><subfield code="c">Washburn</subfield><subfield code="d">Spooner.</subfield></datafield><datafield ind1="0" ind2="4" tag="785"><subfield code="t">Spooner advocate</subfield><subfield code="x">8755-6995</subfield><subfield code="w">(DLC)sn 84001839</subfield><subfield code="w">(OCoLC)11383909</subfield></datafield></record>